@MISC{proVerif,
  author = {Bruno Blanchet},
  title = {{Proverif: Cryptographic protocol verifier in the formal model}},
  howpublished = {\url{http://www.proverif.ens.fr/}},
  timestamp = {2012.05.15}
}

@MISC{test,
  author = {Test Testman},
  title = {{Testing if it works}}
}

@misc{cumulocityExamplesRepository,
  author = {Cumulocity},
  title = {Cumulocity examples},
  note = {\url{https://bitbucket.org/m2m/cumulocity-examples/src/default/java-agent/} [Vaadatud 13.05.2018]}
}

@misc{cumulocityRestDocumentation,
  author = {Cumulocity},
  title = {Cumulocity REST Implementation},
  note = {\url{http://cumulocity.com/guides/reference/rest-implementation/} [Vaadatud 13.05.2018]}
}

@misc{CumulocityConceptsInterfaceingDevices,
  author = {Cumulocity},
  title = {Interfacing devices},
  note = {\url{http://cumulocity.com/guides/reference/rest-implementation/} [Vaadatud 13.05.2018]}
}

@misc{CumulocityUsersGuideAdministration,
  author = {Cumulocity},
  title = {Administration},
  note = {\url{https://www.cumulocity.com/guides/users-guide/administration/} [Vaadatud 13.05.2018]}
}

@misc{CumulocityConceptsDomainModel,
  author = {Cumulocity},
  title = {Cumulocity's domain model},
  note = {\url{https://www.cumulocity.com/guides/concepts/domain-model/} [Vaadatud 13.05.2018]}
}

@misc{DockerDocOverview,
  author = {Docker},
  title = {Docker Overview},
  note = {\url{https://docs.docker.com/engine/docker-overview/} [Vaadatud 14.05.2018]}
}

@misc{JSON,
  author = {D. Crockford},
  title = {The application/json Media Type for JavaScript Object Notation (JSON)},
  note = {\url{http://www.ietf.org/rfc/rfc4627.txt} [Vaadatud 14.05.2018]}
}

@misc{REST,
  author = {Tutorialspoint},
  title = {RESTful Web Services - Introduction},
  note = {\url{https://www.tutorialspoint.com/restful/restful_introduction.htm} [Vaadatud 14.05.2018]}
}
